@book{Dms,
 author    = {Raghu Ramakrishnan and Juhannes Gehrke},
 title     = {Database Management Systems},
 publisher = {McGraw-Hill},
 year      = {2003},
 edition   = {3},
 isbn      = {0-07-115110-9},
 note 	   = {De underviser begge to på universiteter i USA og har begge skrevet mange artikler om databaser
Bogen er valgt fordi at beskæftiger sig med relationelle databaser og SQL.},
 volume    = {},
 series    = {},
 address   = {},
 month     = {}
}

@book{HCI,
 author    = {Alan Dix and janet Finlay and Gregory Abowd and Russel Beale},
 title     = {Human-Computer Interaction},
 publisher = {Prentice Hall},
 year      = {1997},
 edition   = {2},
 isbn      = {0-13-239864-8},
 note      = {},
 pages     = {416--418},
 volume    = {},
 series    = {},
 address   = {},
 month     = {}
}

@book{.NET,
 author    = {Hanspeter Mössenböck and Wolfgang Beer and Dietrich Birngruber and Albercht Wö\ss},
 title     = {Application Development with C\#, ADO.NET, ASP.NET, and Web Services},
 publisher = {Addison Wesley},
 year      = {2003},
 edition   = {1},
 isbn      = {0-321-17349-X},
 note 	   = {},
 pages     = {544},
 volume    = {},
 series    = {},
 address   = {},
 month     = {}
}

 @article{msdnMVC,
 author    = {Unknown},
 title     = {Model-View-Controller (Microsoft Patterns)},
 journal   = {},
 year      = {},
 URL       = {http://msdn.microsoft.com/library/default.asp?url=/library/en-us/dnpatterns/html/desmvc.asp},
 volume    = {},
 number    = {},
 pages     = {1--6},
 month     = {},
 note      = {Kilden er valgt fordi at den beskæftiger sig med MCV.
Kilden heviser til : 
Model-View-Controller began as a framework developed by Trygve Reenskaug for the Smalltalk platform in the late 1970s [Fowler03]. 
The version you have just read references the following works: 
[Burbeck92] Burbeck, Steve. "Application Programming in Smalltalk-80: How to use Model-View-Controller (MVC)."University of Illinois in Urbana-Champaign (UIUC) Smalltalk Archive. Available at: http://st-www.cs.uiuc.edu/users/smarch/st-docs/mvc.html. Den har vi brugt.
[Fowler03] Fowler, Martin. Patterns of Enterprise Application Architecture. Addison-Wesley, 2003. Den har vi ikke brugt.
[Gamma95] Gamma, Helm, Johnson, and Vlissides. Design Patterns: Elements of Reusable Object-Oriented Software. Addison-Wesley, 1995. Den har vi brugt.}
}

 @article{MVC_in_.NET,
 author    = {Nimesh Panchal},
 title     = {Implementing MVC Design Pattern in .NET},
 journal   = {},
 year      = {2003},
 URL       = {http://www.c-sharpcorner.com/Code/2003/Feb/MVCDesign.asp},
 volume    = {},
 number    = {},
 pages     = {1--4},
 month     = {februar},
 note      = {Kilden er valgt fordi at den beskæftiger sig med MCV i det programmeringsprog vi koder i.
Artiklen beskæftiger sig med fordele/ulemper, Principper og eksempler omkring MVC.
Panchal har skrevet andre artikler om design pattern på www.VBdotNetHaeven.com Han arbejdede i 2003 som konsulent i New York med mere end 5 år erfaring i software udvikling.
Kilden henviser til : C\# Design Pattern By Cooper (Book) Her vi ikke kigget på.
http://www.zdnet.com.au/ (Online Resource) Ubrugeligt.
http://www.dmbcllc.com (Online Resource)   ubrugeligt.
http://www.indiawebdevelopers.com (Online Resource) ubrugeligt.
http://st-www.cs.uiuc.edu (Online Resource) Den har vi brugt.}
}

 @article{Smalltalk-80,
 author    = {Steve Burbech},
 title     = {Applications Programmering in Smalltalk-80},
 journal   = {},
 year      = {1992},
 URL       = {http://st-www.cs.uiuc.edu/users/smarch/st-docs/mvc.html},
 volume    = {},
 number    = {},
 pages     = {1--10},
 month     = {},
 note      = {Kilden er valgt fordi at den giver en god beskrivelse af hvad MVC er og kan bruges, samt rolle fordeling mellem klasser.
Burbech er Ph.D og specialist i Objekt Teknologi.
Burbech har skrevet Peer to Peer Webservices conference i 2001 (isbn 0-596-00110-X).
Smalltalk er et programmering sprog fra slut 1970'erne.}
}

 @article{MCToday,
 author    = {Leslie Cortes},
 title     = {Designing a Graphical User Interface},
 journal   = {},
 year      = {1997},
 URL       = {http://www.medicalcomputingtoday.com/0agui.html},
 volume    = {},
 number    = {},
 pages     = {1--10},
 month     = {Maj},
 note      = {MCToday er en site der beskæftiger sig med tekniske og computer relaterede emner med relevans for ansatte med relation til sundshedssektoren. Formålet er at give information, som er brugbar på alle niveauer af computererfaring og for alle typer af akademisk og klinisk praksis. Siten rummer en blanding af originalartikler og referencer til webressourcer. 
Der findes mange gode sites med information relevant for ansatte med relationer til sundshedsektoren. MCToday forsøger at samle links til lærerige artikler på disse sites. Original artikler skal forsøge at koncentere sig om at dække områder, der ikke er gennemgået i detaljer på internettet endnu. Der opfordres til at bidrage til siten, hvis man har relevant erfaren og ekspertise. De publiserede artikler aflønnes ikke.}
}

@book{Brugervenlige_edb-systemer,
 author    = {Rolf Molich},
 title     = {Brugervenlige edb-systemer},
 publisher = {Ingeiøren A/S},
 year      = {2001},
 edition   = {2},
 isbn      = {87-571-1647-4},
 note 	   = {},
 volume    = {1--10},
 series    = {},
 address   = {},
 month     = {}
}

 @article{Gestalt,
 author    = {Clare Torrans and Nada Dabbagh},
 title     = {Gestalt and Instructional Design},
 journal   = {},
 year      = {1999},
 URL       = {http://chd.gmu.edu/immersion/knowledgebase/strategies/cognitivism/gestalt/gestalt.htm},
 volume    = {},
 number    = {},
 pages     = {1--9},
 month     = {marts},
 note      = {}
}

@book{ooa_ood,
 author    = {Simon Bennet and Steve McRobb and Ray Farmer},
 title     = {Object-Oriented Systemts Analysis And Design Using UML},
 publisher = {McGraw-Hill},
 year      = {2002},
 edition   = {2},
 isbn      = {0-07-709864-1},
 note 	   = {},
 pages     = {315},
 volume    = {},
 series    = {},
 address   = {},
 month     = {}
}

@book{ISD,
 author    = {David Avison and Guy Fitzgerald},
 title     = {Information systems Development},
 publisher = {McGraw-Hill},
 year      = {2003},
 edition   = {3},
 isbn      = {0-07-709626-6},
 note 	   = {},
 pages     = {528},
 volume    = {},
 series    = {},
 address   = {},
 month     = {}
}